@ARTICLE{Zave97fourdark,
    author = {Pamela Zave and Michael Jackson},
    title = {Four Dark Corners of Requirements Engineering},
    journal = {ACM Transactions on Software Engineering and Methodology},
    year = {1997},
    volume = {6},
    pages = {1--30}
}

@book{Jackson:1995:SRA:210207,
    author = {Jackson, Michael},
    title = {Software Requirements \&Amp; Specifications: A Lexicon of Practice, Principles and Prejudices},
    year = {1995},
    isbn = {0-201-87712-0},
    source = {ACM member price \$25.25, order no. 704950},
    publisher = {ACM Press/Addison-Wesley Publishing Co.},
    address = {New York, NY, USA},
} 

@INPROCEEDINGS{5071113, 
    author={Jackson, Michael}, 
    booktitle={Software Engineering, 1995. ICSE 1995. 17th International Conference on}, 
    title={The World and the Machine}, 
    year={1995}, 
    month={April}, 
    pages={283-283}, 
    keywords={Software engineering}, 
    ISSN={0270-5257}
}

@ARTICLE{879820, 
    author={Van Lamsweerde, A and Letier, E.}, 
    journal={Software Engineering, IEEE Transactions on}, 
    title={Handling obstacles in goal-oriented requirements engineering}, 
    year={2000}, 
    month={Oct}, 
    volume={26}, 
    number={10}, 
    pages={978-1005}, 
    keywords={exception handling;formal specification;safety-critical software;systems analysis;temporal logic;exception
    handling;formal specification;goal-oriented requirements engineering;requirements specifications;safety-critical
    system;software failure;software performance;temporal logic;unexpected agent
    behavior;Dispatching;Face;Humans;Logic;Robustness;Software engineering;Software performance;Software systems;Stress}, 
    doi={10.1109/32.879820}, 
    ISSN={0098-5589}
}

@inproceedings{VanLamsweerde:2001:GRE:882477.883624,
    author = {Van Lamsweerde, Axel},
    title = {Goal-Oriented Requirements Engineering: A Guided Tour},
    booktitle = {Proceedings of the Fifth IEEE International Symposium on Requirements Engineering},
    series = {RE '01},
    year = {2001},
    pages = {249--},
    url = {http://dl.acm.org/citation.cfm?id=882477.883624},
    acmid = {883624},
    publisher = {IEEE Computer Society},
    address = {Washington, DC, USA},
} 

@book{Jackson:1995:SRA:210207,
    author = {Jackson, Michael},
    title = {Software Requirements \&Amp; Specifications: A Lexicon of Practice, Principles and Prejudices},
    year = {1995},
    isbn = {0-201-87712-0},
    source = {ACM member price \$25.25, order no. 704950},
    publisher = {ACM Press/Addison-Wesley Publishing Co.},
    address = {New York, NY, USA},
} 

@ARTICLE{Parnas95functionaldocuments,
    author = {David Lorge Parnas and Jan Madey},
    title = {Functional Documents for Computer Systems},
    journal = {Science of Computer Programming},
    year = {1995},
    volume = {25},
    pages = {41--61}
}

@book{van2009requirements,
    title={Requirements Engineering: From System Goals to UML Models to Software Specifications},
    author={van Lamsweerde, A.},
    isbn={9780470012703},
    lccn={2008036187},
    url={http://books.google.com.ar/books?id=AYk\_AQAAIAAJ},
    year={2009},
    publisher={Wiley}
}

@inproceedings{VanLamsweerde:2001:GRE:882477.883624,
    author = {Van Lamsweerde, Axel},
    title = {Goal-Oriented Requirements Engineering: A Guided Tour},
    booktitle = {Proceedings of the Fifth IEEE International Symposium on Requirements Engineering},
    series = {RE '01},
    year = {2001},
    pages = {249--},
    url = {http://dl.acm.org/citation.cfm?id=882477.883624},
    acmid = {883624},
    publisher = {IEEE Computer Society},
    address = {Washington, DC, USA},
} 

@ARTICLE{879820, 
    author={Van Lamsweerde, A and Letier, E.}, 
    journal={Software Engineering, IEEE Transactions on}, 
    title={Handling obstacles in goal-oriented requirements engineering}, 
    year={2000}, 
    month={Oct}, 
    volume={26}, 
    number={10}, 
    pages={978-1005}, 
    keywords={exception handling;formal specification;safety-critical software;systems analysis;temporal logic;exception
    handling;formal specification;goal-oriented requirements engineering;requirements specifications;safety-critical
    system;software failure;software performance;temporal logic;unexpected agent
behavior;Dispatching;Face;Humans;Logic;Robustness;Software engineering;Software performance;Software systems;Stress}, 
    doi={10.1109/32.879820}, 
    ISSN={0098-5589},
}

@article{Keller:1976:FVP:360248.360251,
    author = {Keller, Robert M.},
    title = {Formal Verification of Parallel Programs},
    journal = {Commun. ACM},
    issue_date = {July 1976},
    volume = {19},
    number = {7},
    month = jul,
    year = {1976},
    issn = {0001-0782},
    pages = {371--384},
    numpages = {14},
    url = {http://doi.acm.org/10.1145/360248.360251},
    doi = {10.1145/360248.360251},
    acmid = {360251},
    publisher = {ACM},
    address = {New York, NY, USA},
    keywords = {Petri nets, assertions, correctness, deadlock, mutual exclusion, parallel program, verification},
} 

@INPROCEEDINGS{1347546, 
    author={Kazhamiakin, R. and Pistore, M. and Roveri, M.}, 
    booktitle={Software Engineering and Formal Methods, 2004. SEFM 2004. Proceedings of the Second International Conference on}, 
    title={Formal verification of requirements using SPIN: a case study on Web services}, 
    year={2004}, 
    month={Sept}, 
    pages={406-415}, 
    keywords={Internet;distributed processing;formal specification;formal verification;object-oriented
    programming;specification languages;Formal Tropos;Promela language;Promela specification;SPIN model checker;V&V
    tasks;Web servers;Web services;agent-oriented systems;communicating concurrent process;distributed processes;formal
    specification;linear time logic;process level;process model;requirement formal verification;Computer aided software
    engineering;Formal specifications;Formal verification;Logic;Natural languages;Performance analysis;Programming;Software engineering;Web server;Web services}, 
    doi={10.1109/SEFM.2004.1347546},
}

@inproceedings{Giannakopoulou:2003:FMC:940071.940106,
    author = {Giannakopoulou, Dimitra and Magee, Jeff},
    title = {Fluent Model Checking for Event-based Systems},
    booktitle = {Proceedings of the 9th European Software Engineering Conference Held Jointly with 11th ACM SIGSOFT
    International Symposium on Foundations of Software Engineering},
    series = {ESEC/FSE-11},
    year = {2003},
    isbn = {1-58113-743-5},
    location = {Helsinki, Finland},
    pages = {257--266},
    numpages = {10},
    url = {http://doi.acm.org/10.1145/940071.940106},
    doi = {10.1145/940071.940106},
    acmid = {940106},
    publisher = {ACM},
    address = {New York, NY, USA},
    keywords = {linear temporal logic, model-checking, software architecture analysis},
}

@inproceedings{Letier:2002:ATG:581339.581353,
    author = {Letier, Emmanuel and van Lamsweerde, Axel},
    title = {Agent-based Tactics for Goal-oriented Requirements Elaboration},
    booktitle = {Proceedings of the 24th International Conference on Software Engineering},
    series = {ICSE '02},
    year = {2002},
    isbn = {1-58113-472-X},
    location = {Orlando, Florida},
    pages = {83--93},
    numpages = {11},
    url = {http://doi.acm.org/10.1145/581339.581353},
    doi = {10.1145/581339.581353},
    acmid = {581353},
    publisher = {ACM},
    address = {New York, NY, USA},
} 

@incollection{Piterman,
    year={2006},
    isbn={978-3-540-31139-3},
    volume={3855},
    series={Lecture Notes in Computer Science},
    doi={10.1007/11609773_24},
    title={Synthesis of Reactive(1) Designs},
    url={http://dx.doi.org/10.1007/11609773_24},
    publisher={Springer Berlin Heidelberg},
    author={Piterman, Nir and Pnueli, Amir and Saâ€™ar, Yaniv},
    pages={364-380},
    language={English}
}

@ARTICLE{21072, 
    author={Ramadge, P.J.G. and Wonham, W.M.}, 
    journal={Proceedings of the IEEE}, 
    title={The control of discrete event systems}, 
    year={1989}, 
    month={Jan}, 
    volume={77}, 
    number={1}, 
    pages={81-98}, 
    keywords={automata theory;computational complexity;control theory;discrete time systems;formal languages;automata
    theory;computational complexity;control theory;discrete event systems;dynamic system;formal language models;Application
    software;Automata;Automatic control;Communication system control;Communication system traffic control;Computational
    complexity;Control systems;Control theory;Discrete event systems;Formal languages;Manufacturing
    systems;Observability;Open loop systems;Operating systems;Vehicle dynamics}, 
    doi={10.1109/5.21072}, 
    ISSN={0018-9219}
}

@inproceedings{MalerPS95,
    added-at = {2009-10-06T00:00:00.000+0200},
    author = {Maler, Oded and Pnueli, Amir and Sifakis, Joseph},
    biburl = {http://www.bibsonomy.org/bibtex/2d121fcd9077e27810d5c0acf65016473/dblp},
    booktitle = {STACS},
    date = {2009-10-06},
    description = {dblp},
    ee = {http://dx.doi.org/10.1007/3-540-59042-0_76},
    interhash = {dd826beff5a05afc27d659bd0812fda2},
    intrahash = {d121fcd9077e27810d5c0acf65016473},
    keywords = {dblp},
    pages = {229-242},
    timestamp = {2009-10-06T00:00:00.000+0200},
    title = {On the Synthesis of Discrete Controllers for Timed Systems (An Extended Abstract).},
    url = {http://dblp.uni-trier.de/db/conf/stacs/stacs95.html#MalerPS95},
    year = 1995
}

@inproceedings{Pnueli:1989:SRM:75277.75293,
    author = {Pnueli, A. and Rosner, R.},
    title = {On the Synthesis of a Reactive Module},
    booktitle = {Proceedings of the 16th ACM SIGPLAN-SIGACT Symposium on Principles of Programming Languages},
    series = {POPL '89},
    year = {1989},
    isbn = {0-89791-294-2},
    location = {Austin, Texas, USA},
    pages = {179--190},
    numpages = {12},
    url = {http://doi.acm.org/10.1145/75277.75293},
    doi = {10.1145/75277.75293},
    acmid = {75293},
    publisher = {ACM},
    address = {New York, NY, USA},
} 

@INPROCEEDINGS{4639371, 
author={D'Ippolito, N. and Fischbein, D. and Chechik, M. and Uchitel, S.}, 
booktitle={Automated Software Engineering, 2008. ASE 2008. 23rd IEEE/ACM International Conference on}, 
title={MTSA: The Modal Transition System Analyser}, 
year={2008}, 
month={Sept}, 
pages={475-476}, 
keywords={program diagnostics;software tools;modal transition system analyser;system behaviour;tool support;Best
practices;Buildings;Context modeling;Educational institutions;Information analysis;Mechanical
factors;Programming;Safety;Software design;Software systems}, 
doi={10.1109/ASE.2008.78}, 
ISSN={1938-4300},}

@incollection{Juvekar:buchi,
year={2006},
isbn={978-3-540-37406-0},
booktitle={Computer Aided Verification},
volume={4144},
series={Lecture Notes in Computer Science},
editor={Ball, Thomas and Jones, RobertB.},
doi={10.1007/11817963_7},
title={Minimizing Generalized BÃ¼chi Automata},
url={http://dx.doi.org/10.1007/11817963_7},
publisher={Springer Berlin Heidelberg},
author={Juvekar, Sudeep and Piterman, Nir},
pages={45-58},
language={English}
}

@incollection{Jurdzinski:ParityGames,
year={2000},
isbn={978-3-540-67141-1},
booktitle={STACS 2000},
volume={1770},
series={Lecture Notes in Computer Science},
editor={Reichel, Horst and Tison, Sophie},
doi={10.1007/3-540-46541-3_24},
title={Small Progress Measures for Solving Parity Games},
url={http://dx.doi.org/10.1007/3-540-46541-3_24},
publisher={Springer Berlin Heidelberg},
author={JurdziÅ„ski, Marcin},
pages={290-301},
language={English}
}
